% THIS IS THE PARSE BIB FILE 
% PLEASE DON'T MESS WITH IT.

%I'm gonna mess with it

@article{moreira2007,
  title={Concave hull: A k-nearest neighbours approach for the computation of the region occupied by a set of points},
  author={Moreira, A and Santos, M. Y},
  year={2007},
  publisher={INSTICC Press (Institute for Systems and Technologies of Information, Control and Communication)}
}

@ELECTRONIC{cosmed2013,
  author = {COSMED},
  title= {Body Composition in Adults}
  year = {2013},
  howpublished = {Online},
  organization = {COSMED},
  address = {http://www.cosmed.com/index.php?option=com_content\&view=article\&id=1364\&Itemid=420},
  owner = {Greg Corbett},
  timestamp = {2013.04.20}
}

@misc{rodriguez1995,
  title={System and method for frame differencing video compression and decompression with frame rate scalability},
  author={Rodriguez, A. A and Rutherfoord, C. T and Hancock, S. M and Kantner Jr, R. F and Pietras, M. A},
  year={1995},
  month={Jan}
  publisher={Google Patents},
  note={US Patent 5,384,598}
}

@book{justusson1981,
  title={Median filtering: Statistical properties},
  author={Justusson, B. I},
  year={1981},
  publisher={Springer}
}

@book{Chemuturi2010,
    title={Mastering Software Quality Assurance: Best Practices, Tools and Techniques for Software Developers},
    author={Chemuturi, M},
    year={2010}
}

@ARTICLE{Zhou2012, 
author={Jing Tong and Jin Zhou and Ligang Liu and Zhigeng Pan and Hao Yan}, 
journal={Visualization and Computer Graphics, IEEE Transactions on}, title={Scanning 3D Full Human Bodies Using Kinects}, 
year={2012}, 
volume={18}, 
number={4}, 
pages={643-650}
}

@book{haykin2001,
  title={Kalman filtering and neural networks},
  author={Haykin, S. S and others},
  year={2001},
  publisher={Wiley Online Library}
}

@article{huang1979,
  title={A fast two-dimensional median filtering algorithm},
  author={Huang, T and Yang, G and Tang, G},
  journal={Acoustics, Speech and Signal Processing, IEEE Transactions on},
  volume={27},
  number={1},
  pages={13--18},
  year={1979},
  publisher={IEEE}
}

@MANUAL{xbox2010,
  title = {Xbox 360 Kinect Sensor Manual},
  author = {Microsoft},
  month = {Oct},
  year = {2010},
  owner = {Greg Corbett},
  timestamp = {2013.04.18}
}


@ELECTRONIC{ouroboros2007,
  author = {Matthews, S},
  month = {August},
  year = {2007},
  title = {Overview of the Group Project},
  howpublished = {Online},
  organization = {University of Warwick},
  address = {http://www2.warwick.ac.uk/fac/sci/dcs/teaching/material/cs407/overview/},
  owner = {Greg Corbett},
  timestamp = {2013.04.17}
}


@article{zelek2003,
  title={Gender and power: Nurses and doctors in Canada},
  author={Zelek, B and Phillips, S. P},
  journal={International Journal for Equity in Health},
  volume={2},
  number={1},
  pages={1},
  year={2003},
  publisher={BioMed Central Ltd}
}

@article{hopkins1915,
  title={Studies in the Concentration of Blood-Sugar in Health and Disease As Determined By Bang's Micro-Method},
  author={Hopkins, A. H},
  journal={The American Journal of the Medical Sciences},
  volume={149},
  number={2},
  pages={254-266},
  year={1915},
  publisher={LWW}
}

@article{klatsky1977,
  title={Alcohol consumption and blood pressure Kaiser-Permanente Multiphasic Health Examination data.},
  author={Klatsky, A. L and Friedman, G. D and Siegelaub, A. B and G{\'e}rard M. J},
  journal={The New England journal of medicine},
  volume={296},
  number={21},
  pages={1194},
  year={1977}
}

@article{group1998,
  title={Tight blood pressure control and risk of macrovascular and microvascular complications in type 2 diabetes: UKPDS 38},
  author={UK Prospective Diabetes Study Group},
  journal={BMJ: British Medical Journal},
  pages={703-713},
  year={1998},
  publisher={JSTOR}
}


@misc{maqsood2006,
  title={Islam, Culture and Women},
  author={Maqsood, R. W},
  year={2006},
  publisher={Islam of Today, viewed}
}

@article{charnock1999,
  title={DISCERN: an instrument for judging the quality of written consumer health information on treatment choices.},
  author={Charnock, D and Shepperd, S and Needham, G and Gann, R},
  journal={Journal of epidemiology and community health},
  volume={53},
  number={2},
  pages={105-111},
  year={1999},
  publisher={BMJ Publishing Group Ltd}
}

@misc{hmso1998,
  title={Data Protection Act},
  author={HMSO},
  year={1998},
  publisher={London}
}

@article{katch1967,
  title={Estimation of body volume by underwater weighing: description of a simple method.},
  author={Katch, F. L. E. D. M and Michael, E. D and Horvath, S. M},
  journal={Journal of Applied Physiology},
  volume={23},
  number={5},
  pages={811--813},
  year={1967},
  publisher={Am Physiological Soc}
}

@techreport{anderson2012,
  title={Gold standard gravity},
  author={Anderson, J. E and Yotov, Y. V},
  year={2012},
  institution={National Bureau of Economic Research}
}

@article{kirkpatrick1986,
  title={The ultimate planar convex hull algorithm?},
  author={Kirkpatrick, D. G and Seidel, R},
  journal={SIAM journal on computing},
  volume={15},
  number={1},
  pages={287--299},
  year={1986},
  publisher={SIAM}
}

@article{Martin1985,
    title={Prediction of body fat by skinfold caliper: assumptions and cadaver evidence.},
    author={Martin, A. D and Ross, W. D and Drinkwater, D. T and Clarys, J. P},
    journal={International Journal of Obesity},
    volume={9},
    number={1},
    pages={31-39},
    year={1985}
}

@article{Reeves2004,
  title={Ultrasonographic assessment of human skeletal muscle size},
  author={Reeves, N and Constantinos, N and Marco, N},
  journal={European Journal of Applied Physiology},
  volume={91},
  pages={116-118},
  year={2004}
}

@article{Frisancho1981,
  title={New norms of upper limb fat and muscle areas for assessment of nutritional status.},
  author={Frisancho, A},
  journal={American Journal of Clinical Nutrition},
  volume={34},
  number={11},
  pages={2540-2545},
  year={1981}
}

@INPROCEEDINGS{Bauer2011, 
author={Bauer, S and Wasza, J and Haase, S and Marosi, N and Hornegger, J}, 
booktitle={Computer Vision Workshops (ICCV Workshops), 2011 IEEE International Conference on}, title={Multi-modal surface registration for markerless initial patient setup in radiation therapy using microsoft's Kinect sensor}, 
year={2011}, 
pages={1175-1181}, 
doi={10.1109/ICCVW.2011.6130383}
}

@INPROCEEDINGS{Dekker1999, 
author={Dekker, L and Douros, I and Buston, B.F and Treleaven, P}, 
booktitle={3-D Digital Imaging and Modeling, 1999. Proceedings. Second International Conference on}, title={Building symbolic information for 3D human body modeling from range data}, 
year={1999}, 
pages={388-397}, 
doi={10.1109/IM.1999.805369}
}

@article{DeBoer2010,
  title={SLP: A Zero-Contact Non-Invasive Method for Pulmonary Function Testing},
  author={De Boer, W and Lasenby, J and Cameron, J and Wareham, R and Ahmadl, S and Roachl, C and Hills, W and Iles, R},
  journal={BMVC},
  year={2010},
  publisher={BMVA}
}

@article{Salvi2010,
  title={A state of the art in structured light patterns for surface proÔ¨Ålometry},
  author={Salvi, J and Fernandez, S and Pribanic, T and Lladoa, X.},
  journal={Pattern Recognition},
  volume={1},
  number={43},
  pages={2666-2680},
  year={2010},
  publisher={Elsevier}
}

@article{McCollough2011,
  title={CT dose index and patient dose: they are not the same thing.},
  author={McCollough, C. H and Leng, S and Yu, L and Cody, D. D and Boone, J. M and McNitt-Gray, M},
  journal={Radiology},
  volume={259},
  number={2},
  pages={311-316},
  year={2011}
}

@article{Fitzgibbon1999,
    title={Direct least-squares fitting of ellipses},
    author={Fitzgibbon, A and Pilu, M and Fisher, R},
    journal={IEEE Transactions on Pattern Analysis and Ma-
chine Intelligence},
    volume={21},
    number={2}, 
    pages={476-480},
    year={1999}
}

@misc{Geiger2011,
    title = {Assignment 3: Skeleton Tracking and Body Measurements},
    author = {Geiger, D},
    year = {2011},
    howpublished = {\url{http://cs.nyu.edu/courses/fall11/CSCI-GA.2271-001/assignments/Assignment3.pdf}}
}

@article{Cook2013,
  title={Using the Microsoft Kinect for Patient Size Estimation and Radiation Dose Normalization: Proof of Concept and Initial Validation},
  author={Cook, T. S and Couch, G. and Couch, T. J and Kim, W and Boonn, W. W},
  journal={Journal of Digital Imaging},
  year={2013},
  publisher={Society for Imaging Informatics in Medicine}
}

@article{Cui2012,
  title={KinectAvatar: Fully Automatic Body Capture Using a Single Kinect},
  author={Cui, Y and Chang, W and Noll, T and Stricker, D},
  journal={Augmented Vision, DFKI},
  year={2012}
}

@book{Alnowami2012,
  title={A quantative assessment of using the Kinect for Xbox360 For Respiratory Surface Motion Tracking},
  author={Alnowami, M and Alnwaimi, B and Tahavori, F and Copland, M and Wells, K},
  booktitle={Medical Imaging 2012: Image Guided Procedures, Robotic Interventions and Modelling},
  editor={Holmes, D III and Wong, H},
  year={2012},
  publisher={SPIE}
}

@inproceedings{Paleria2011, doi = {http://dx.doi.org/10.1109/ESPA.2012.6152447 }, 
    year = {2012}, 
	title = {Building the space scale or how to weigh a person with no gravity}, 
	author = {Velardo, C and Dugelay, J and Paleari, M and Ariano, P}, 
	booktitle = {{ESPA} 2012, {IEEE} 1st {I}nternational {C}onference on {E}merging {S}ignal {P}rocessing {A}pplications, {J}anuary 12-14, 2012, {L}as {V}egas, {USA} }, 
	address = {{L}as {V}egas, {UNITED} {STATES}}, 
	month = {01}, 
	url = {http://www.eurecom.fr/publication/3539} 
}


@InProceedings{Veraldo2012,
author    = {Velardo, C},
title = {What can computer vision tell you about your weight?},
booktitle = {Signal Processing Conference (EUSIPCO), 2012 Proceedings of the 20th European},
year = {2012},
month = {Aug}
}

@ELECTRONIC{SDK13,
  author = {Microsoft},
  month = {March},
  year = {2013},
  title = {{K}inect for {W}indows {SDK}},
  howpublished = {Online},
  organization = {Microsoft},
  address = {http://www.microsoft.com/en-us/kinectforwindows/},
  owner = {Greg Corbett},
  timestamp = {2013.04.24}
}


@article{pack2001,
  title={Temporal dynamics of a neural solution to the aperture problem in visual area MT of macaque brain},
  author={Pack, C. C and Born, R. T},
  journal={Nature},
  volume={409},
  number={6823},
  pages={1040--1042},
  year={2001},
  publisher={Nature Publishing Group}
}

@article{Khoshelham2011,
  title={Accuracy Analysis of Kinect Depth Data},
  author={Khoshelham, K},
  journal={International Archives of the Photogrammetry, Remote Sensing and Spatial Information Sciences},
  volume={38},
  number={5},
  year={2011}
}

@TECHREPORT{buda2011,
title = {Life time of correlation between stocks prices on established and emerging markets},
author = {Buda, A},
year = {2011},
type = {Papers}
}

@article{beynon1989,
  title={Software construction using definitions: An illustrative example},
  author={Beynon, W. M and Norris, M. T and Russ, S. B and Slade, M. D and Yung, Y. P and Yung, Y. W},
  journal={University of Warwick, Coventry, UK},
  year={1989}
}

@article{Cui2010,
  title={3D Shape Scanning with a Time-of-Flight Camera},
  author={Yan, C and Sebastian, S and Derek, C and Sebastian, T and Christian, T},
  journal={Stanford University, CA, USA},
  year={2010}
}

@article{Adelson1992,
    title={Single Lens Stereo with a Plentopic Camera},
    author={Adelson, E and Wang, J},
    journal={IEEE TRANSACTIONS ON PATTERN ANALYSIS AND MACHINE INTELLIGENCE},
    volume={14},
    number={2},
    year={1992}
}

@article{Scharstein2003,
  title={High-Accuracy Stereo Depth Maps Using Structured Light},
  author={Scharstein, D and Szeliski, R},
  journal={Proceedings of the 2003 IEEE Computer Society Conference on Computer Vision and Pattern Recognition (CVPR‚Äô03)},
  year={2003}
}

@article{Hausler1993, 
    author = {H\"{a}usler, G and Ritter, D}, 
    journal = {Appl. Opt.}, 
    keywords = {},
    number = {35}, 
    pages = {7164--7169}, 
    publisher = {OSA},
    title = {Parallel three-dimensional sensing by color-coded triangulation}, 
    volume = {32}, 
    month = {Dec},
    year = {1993}
}


@article{KatchUnderwater,
    title={Estimation of body volume by underwater weighing},
    author={Katch, F and Michael, E and Horvath, S},
    journal={Journal of Applied Psychology},
    volume={23},
    number={5},
    pages={811-813},
    year={1967}
}

@InProceedings{Helmut2002,
    author    = {Cantzler, H and Fisher, R and Devy, M},
    title = {Improving architectural 3D reconstruction by plane and edge constraining},
    book title = {Proc. British Machine Vision Conference (BMVC)},
    year = {2002},
    month = {Aug}
}

@article{SiriAndBrozek,
    title={Body composition from fluid space and density.},
    author={Siri, W. E},
    journal={Technqiues for measuring body composition.},
    pages={223-244},
    year={1961}
}

@article{Guerra2010,
    title={Accuracy of Siri and Brozek equations in the percent body fat estimation in older adults.},
    author={Guerra, R. S and Amaral, T. F and Marques, E and Mota, J and Restivo, M. T},
    journal={Journal of Nutrition, Health and Ageing},
    volume={14},
    number={9},
    pages={744-748},
    year={2010}
}

@article{Wagner2001,
    title={Validity of two-component models for estimating
body fat of black men},
    author={Wagner, D. R and Heyward, V. H},
    journal={Journal of Applied Psychology},
    number={90},
    pages={649-656},
    year={2001}
}

@article{Mahon2007,
    title={Measurement of body composition changes with weight loss in postmenopausal women: comparison of methods.},
    author={Mahon, A. K and Flynn, M. G and Iglay, H. B and Stewart, L. K and Johnson, C. A and McFarlin, B. K and Campbell, W. W},
    journal={Journal of Nutrition, Health and Ageing},
    volume={11},
    number={3},
    pages={203-213},
    year={2007}
}

@article{Lifemeasurement1997,
    title={BOD POD body composition system: operator‚Äôs manual.},
    author={Life Measurement, Inc.},
    year={1997}
}

@article{Fields2004,
    title={Body-composition assessment via air-displacement 
plethysmography in adults and children: a review},
    author={Michael, D. A and Goran, I. and McCrory M. A},
    journal={The American Journal of Clinical Nutrition},
    number={75},
    pages={453-467},
    year={2002}
}

@article{collins2004,
  title={Effect of race and musculoskeletal development on the accuracy of air plethysmography},
  author={Collins, M. A and Millard-Stafford, M. L and Evans, E. M and Snow, T. K and Cureton, K. J and Rosskopf, L. B},
  journal={Medicine and science in sports and exercise},
  volume={36},
  number={6},
  pages={1070--1077},
  year={2004},
  publisher={Lippincott Williams \& Wilkins}
}


@article{fields2001,
  title={Comparison of the BOD POD with the four-compartment model in adult females.},
  author={Fields, D. A and Wilson, G. D and Gladden, L. B and Hunter, G. R and Pascoe, D. D and Goran, M. I and others},
  journal={Medicine and science in sports and exercise},
  volume={33},
  number={9},
  pages={1605},
  year={2001}
}

@article{shafer2008,
  title={Interaction of clothing and body mass index affects validity of air-displacement plethysmography in adults},
  author={Shafer, K. J and Siders, W. A and Johnson, L. K and Lukaski, H. C},
  journal={Nutrition-New York},
  volume={24},
  number={2},
  pages={148--154},
  year={2008}
}

@article{pukelsheim1994,
  title={The three sigma rule},
  author={Pukelsheim, F},
  journal={The American Statistician},
  volume={48},
  number={2},
  pages={88--91},
  year={1994},
  publisher={Taylor \& Francis Group}
}


@article{chali1995,
  title={Anthropometric measurements of the Nilotic tribes in a refugee camp.},
  author={Chali, D and et. al},
  journal={Ethiopian medical journal},
  volume={33},
  number={4},
  pages={211},
  year={1995}
}

@book{cohen88,
    abstract = {{New York University, New York City. Statistical methods.}},
    author = {Cohen, J},
    edition = {2},
    howpublished = {Hardcover},
    isbn = {0805802835},
    keywords = {power},
    month = jan,
    posted-at = {2008-08-15 14:40:42},
    priority = {2},
    publisher = {Routledge Academic},
    title = {Statistical Power Analysis for the Behavioral Sciences (2nd Edition)},
    year = {1988}
}

@article{goh2007,
  title={The Human Disease Network},
  author={Kwang-Il, G and Cusick, M. E and Valle, D and Childs, B and Vidal,  M and Barab{\'a}si, A},
  journal={Proceedings of the National Academy of Sciences},
  volume={104},
  number={21},
  pages={8685--8690},
  year={2007},
  publisher={National Acad Sciences}
}

@BOOK{Sedgewick2012,
  title = {{A}lgorithms},
  year = {2012},
  author = {Sedgewick, R and Wayne, K},
  owner = {Greg Corbett},
  timestamp = {2013.03.12}
}

@ARTICLE{Behnke1995,
  author = {Behnke Jr, A. R and Feen, B. G and Welham, W. C},
  title = {The specific gravity of healthy men: Body weight and volume as an index of obesity.},
  journal = {Obesity Research},
  year = {1995},
  volume = {3},
  pages = {295-300},
  owner = {Bernard},
  timestamp = {2013.02.19}
}

@ARTICLE{Barber1996,
  author = {Barber, C. B and Dobkin, D. P and Huhdanpaa, H},
  title = {{T}he {Q}uickhull algorithm for convex hulls},
  journal = {ACM TRANSACTIONS ON MATHEMATICAL SOFTWARE},
  year = {1996},
  volume = {22},
  pages = {469--483},
  number = {4}
}

@TECHREPORT{Barequet2001,
  author = {Barequet, G and Har-Peleld, S},
  title = {{E}fficiently {A}pproximating the {M}inimum-{V}olume {B}ounding {B}ox
	of a {P}oint {S}et in {T}hree {D}imensions},
  institution = {University of Illinois},
  year = {2001},
  owner = {Greg Corbett},
  timestamp = {2013.02.05}
}

@ARTICLE{Bauer2011,
  author = {Bauer, S and Wasza, J and Haase, S et al},
  title = {{M}ulti-modal surface registration for markerless initial patient setup in radiation threapy using microsoft's {K}inect sensor},
  journal = {Computer Vision Workshops (ICCV Workshops)},
  year = {2011},
  pages = {1175-1181},
  owner = {Greg Corbett},
  timestamp = {2013.02.06}
}

@BOOK{Bryant2011,
  title = {{H}ow round is your circle? {W}here engineering and mathematics meet.},
  publisher = {Princeton, NJ: Princeton University Press.},
  year = {2011},
  author = {Bryant, J and Sangwin, C},
  language = {English}
}

@ARTICLE{Steinkamp1968,
  author = {Steinkamp, R. C},
  title = {{B}ody {C}omposition in relation to disease.},
  journal = {Am J Public Health Nations Health},
  year = {1968, March},
  volume = {58},
  pages = {473-476},
  owner = {Bernard},
  timestamp = {2013.02.16}
}

@MISC{Cheung2007,
  author = {Cheung, S. S and Kamath, C},
  title = {{R}obust techniques for background subtraction in urban traffic video},
  year = {2007}
}

@BOOK{Cormen2001,
  title = {{F}inding the convex hull. {I}ntroduction to {A}lgorithms},
  publisher = {MIT Press and McGraw-Hill.},
  year = {2001},
  author = {Cormen, T. H and Leiserson, C. E and Rivest, R. L and
	Stein, C},
  owner = {Greg Corbett},
  timestamp = {2013.03.12}
}

@ARTICLE{Cucchiara2003,
  author = {Cucchiara, R and Grana, C and Piccardi, M and Prati, A},
  title = {{D}etecting {M}oving {O}bjects, {G}hosts and {S}hadows in {V}ideo
	{S}treams},
  journal = {IEEE Transactions on Pattern Analysis and Machine Intelligence},
  year = {2003},
  volume = {25},
  pages = {1337--1342}
}

@ARTICLE{D2003,
  author = {Shen, D and Zhan, Y and Davatzikos, C},
  title = {{S}egmentation of prostate boundaries from ultrasound images using
	statistical shape model},
  journal = {IEEE Trans Med Imaging},
  year = {2003},
  volume = {4},
  pages = {539-551},
  owner = {Greg Corbett},
  timestamp = {2013.03.12}
}

@ARTICLE{Ducimetiere1986,
  author = {Ducimetiere, P and Richard, J and Cambien, F},
  title = {{T}he pattern of {S}ubcutaneous fat distribution in middle-aged men
	and the risk of coronary heart disease.},
  journal = {The Paris Prospective Study. International Journal of Obesity},
  year = {1986},
  volume = {10},
  pages = {229-240},
  owner = {Greg Corbett},
  timestamp = {2013.02.06}
}

@ARTICLE{Elgammal2003,
  author = {Elgammal, A and Duraiswami, D and Davis, L. S},
  title = {{E}fficient {K}ernel {D}ensity {E}stimation using the {F}ast {G}auss
	{T}ransform with {A}pplications to {C}olor {M}odeling and {T}racking},
  journal = {IEEE Transactions on Pattern Analysis and Machine Intelligence},
  year = {2003},
  volume = {25},
  pages = {1499--1504}
}

@INPROCEEDINGS{Elgammal2000,
  author = {Elgammal, A and Harwood, D and Davis, L},
  title = {{N}on-parametric model for background subtraction},
  booktitle = {Frame-rate Workshop, IEEE},
  year = {2000},
  pages = {751--767}
}

@ARTICLE{Flegal2012,
  author = {Flegal, K},
  title = {{P}revalence of {O}besity and {T}rends in the {D}istribution of {B}ody
	{M}ass {I}ndex {A}mong {US} {A}dults, 1999-2010},
  journal = {JAMA},
  year = {2012},
  volume = {307},
  pages = {491-497},
  owner = {Bernard},
  timestamp = {2013.02.17}
}

@ARTICLE{Frechet1927,
  author = {Frechet, M},
  title = {{S}ur la loi de probabilite de l'ecart maximum},
  journal = {Annales de la Socit Polonaise de Mathematique},
  year = {1927},
  volume = {6},
  pages = {93 - 116},
  owner = {Greg Corbett},
  timestamp = {2013.03.11}
}

@ARTICLE{Goodpaster1997,
  author = {Goodpaster, B and Thaete, F and Simoneau, J and et al},
  title = {{S}ubcutaneous {A}bdominal {F}at and {T}high {M}uscle {C}omposition
	{P}redict {I}nsulin {S}ensitivity {I}ndependently of {V}isceral {F}at.},
  journal = {Diabetes},
  year = {1997},
  volume = {46},
  pages = {1579-1585},
  owner = {Greg Corbett},
  timestamp = {2013.02.06}
}

@INPROCEEDINGS{Argyros2004,
  author = {Argyros, A. A and Lourakis, M. I. A},
  title = {Real time Tracking of Multiple Skin-Colored Objects with a Possibly Moving Camera},
  year = {2004},
  volume = {3},
  pages = {368--379}
}

@ARTICLE{Shotton2011,
    author={Shotton, J and Fitzgibbon, A and Cook, M and Sharp, T and Finocchio, M and Moore, R and Kipman, A and Blake, A},
    title={Real-Time Human Pose Recognition in Parts from a Single Depth Image},
    year={2011}
}

@ARTICLE{Girshick2011,
    author={Ross Girshick, Jamie Shotton, Pushmeet Kohli, Antonio Criminisi, and Andrew Fitzgibbon},
    title={Efficient Regression of General-Activity Human Poses from Depth Images},
    year={2011}
}

@ARTICLE{Zhang2012,
    author={Zhengyou Zhang},
    title={Microsoft Kinect Sensor and Its Effect},
    year={2012}
}

@INPROCEEDINGS{Kanaujia2007, 
author={Kanaujia, A and Sminchisescu, C and Metaxas, D}, 
booktitle={Computer Vision and Pattern Recognition, 2007. CVPR '07. IEEE Conference on}, title={Semi-supervised Hierarchical Models for 3D Human Pose Reconstruction}, 
year={2007}, 
pages={1-8}
}

@ARTICLE{Heinz2000,
  author = {Karl-Heinz Labs and Martin Tschoepa and Giancesare Gamba and Markus Aschwanden and Kurt A Jaeger},
  title = {The reliability of leg circumference assessment: a comparison of spring tape measurements and optoelectronic volumetry},
  journal = {Society for Vascular Medicine},
  year = {2000},
  volume = {5},
  issue = {69}
}

@ARTICLE{Graham1971,
  author = {Graham, T. P and Jarmakani, J. M and Canent, R. V and Morrow, M. N},
  title = {{L}eft {H}eart {V}olume {E}stimation in {I}nfancy and {C}hildhood
	: {R}eevaluation of {M}ethodology and {N}ormal {V}alues},
  journal = {American Heart Association},
  year = {1971},
  volume = {43},
  pages = {895-904},
  owner = {Greg Corbett},
  timestamp = {2013.03.12}
}

@ARTICLE{Han2004,
  author = {Han, B and Comaniciu, D and Davis, Larry S},
  title = {{S}equential kernel density approximation through mode propagation:
	applications to background modeling},
  journal = {Proc. ACCV},
  year = {2004}
}

@MISC{Han2007,
  author = {Han, B and Comaniciu, D and Zhu, Y and Davis L. S},
  title = {{S}equential {K}ernel {D}ensity {A}pproximation and {I}ts {A}pplication
	to {R}eal-{T}ime {V}isual {T}racking},
  year = {2007}
}

@ARTICLE{Iat-FaiLeong2007,
  author = {Iat-Fai, L and Jing-Jing, F and Ming-June, T},
  title = {{A}utomatic body feature extraction from a marker-less scanned human
	body},
  journal = {Computer Aided Design},
  year = {2007},
  volume = {39},
  pages = {568-582},
  owner = {Bernard},
  timestamp = {2013.02.16}
}

@ARTICLE{Izadi2011,
  author = {Izadi, S and Kim, D and Hilliges, O et al},
  title = {{K}inect{F}usion: real-time 3{D} reconstruction and interaction using
	a moving depth camera.},
  journal = {Proceedings of the 24th annual ACM symposium on User interface software
	and technology},
  year = {2011},
  owner = {Greg Corbett},
  timestamp = {2013.02.06}
}

@ARTICLE{Jarvis1973,
  author = {Jarvis, R. A},
  title = {{O}n the {I}dentification of the {C}onvex {H}ull of a {F}inite {S}et
	of {P}oints in the {P}lane},
  journal = {Information Processing Letters},
  year = {1973},
  volume = {2},
  pages = {18--21},
  number = {1},
  citeulike-article-id = {7935516},
  keywords = {algorithm, convex, hull},
  posted-at = {2010-10-01 17:26:27}
}

@ARTICLE{K1991,
  author = {Terris, M. K and Stamey, T. A},
  title = {{D}etermination of prostate volume by transrectal ultrasound.},
  journal = {The Journal of Urology},
  year = {1991},
  volume = {5},
  pages = {984-987},
  owner = {Greg Corbett},
  timestamp = {2013.03.11}
}

@ELECTRONIC{Kalvala2013,
  title = {{W}arwick {U}niversity {I}nteraction {L}ab},
  howpublished = {Online},
  owner = {Greg Corbett},
  timestamp = {2013.02.27}
  url = {http://www2.warwick.ac.uk/fac/sci/dcs/teaching/ilab},
}

@ARTICLE{Koivuniemi2006,
  author = {Koivuniemi, J and Korhonen, K. T},
  title = {{I}nventory by {C}ompartments},
  journal = {Managing Forest Ecosystems},
  year = {2006},
  volume = {Volume 10},
  pages = {271-278},
  owner = {Greg Corbett},
  timestamp = {2013.03.11}
}

@INPROCEEDINGS{Koller1994,
  author = {Koller, D and Weber, J and Huang, T and Malik, J and Ogasawara, G
	and Rao, B and Russell, S},
  title = {{T}owards {R}obust {A}utomatic {T}raffic {S}cene {A}nalysis in {R}eal-{T}ime},
  year = {1994},
  pages = {126--131}
}

@CONFERENCE{Kullberg2010,
  author = {Kullberg, J},
  title = {{W}hole-{B}ody {MRI} for analysis of body composition},
  booktitle = {2010 IEEE International Symposium on Biomedical Imaging: From Nano
	to Macro},
  year = {2010},
  owner = {Bernard},
  timestamp = {2013.02.16}
}

@ARTICLE{Lo2001,
  author = {Lo, B and Velastin, S},
  title = {{Automatic congestion detection system for underground platforms}},
  journal = {Intelligent Multimedia},
  year = {2001},
  abstract = {{system for underground platforms Lo, BPL Velastin, SA Dept. of Electron.
	Eng., King's Coll., London;}},
  citeulike-article-id = {5127902},
  citeulike-linkout-0 = {http://ieeexplore.ieee.org/xpls/abs\_all.jsp?arnumber=925356},
  posted-at = {2009-07-12 16:23:37}
}

@ARTICLE{lu2006,
  author = {Lu, X and Jain, A. K and Colbry, D},
  title = {Matching 2.5D Face Scans to 3D Models},
  journal = {IEEE Transactions on Pattern Analysis and Machine Intelligence},
  year = {2006},
  volume = {28},
  pages = {31-43},
  owner = {Robin Janssens},
  timestamp = {2013.03.12},
  url = {http://www.cse.msu.edu/~colbrydi/Publications/PAMI06.pdf}
}

@MISC{ikea,
  title = {IKEA 365+ Pot with lid, stainless steel},
  howpublished = {Online},
  owner = {Greg},
  timestamp = {2013.03.15},
  url = {http://www.ikea.com/gb/en/catalog/products/00101155/}
}

@MISC{pyrex,
  title = {Pyrex 1-cup Measuring Cup},
  howpublished = {Online},
  owner = {Greg},
  timestamp = {2013.03.15},
  url = {http://www.pyrexware.com/index.asp?pageId=13&CatID=379&SubCatID=391&upc=71160010741}
}

@INPROCEEDINGS{Makadia2006,
  author = {Makadia, A and Patterson, A and Daniilidis, K},
  title = {{F}ully automatic registration of 3d point clouds},
  booktitle = {In CVPR 06: Proceedings of the 2006 IEEE Computer Society Conference on Computer Vision and Pattern Recognition},
  year = {2006},
  pages = {1297-1304},
  owner = {Robin}
}

@ARTICLE{Maltamo2006,
  author = {Maltamo, M and Eerikainen, K and Packalen, P and Hyyppa, J},
  title = {{E}stimation of stem volume using laser scanning-based canopy height
	metrics},
  journal = {Forestry},
  year = {2006},
  volume = {Volume 79, Issue 2},
  pages = {Pp. 217-229},
  owner = {Greg Corbett},
  timestamp = {2013.03.11}
}

@INPROCEEDINGS{McIvor2000,
  author = {McIvor, A. M},
  title = {{Background Subtraction Techniques}},
  year = {2000},
  citeulike-article-id = {3787653},
  citeulike-linkout-0 = {http://citeseer.ist.psu.edu/old/455262.html},
  journal = {In Proc. of Image and Vision Computing, Auckland, New Zealand, 2000.},
  posted-at = {2008-12-14 15:45:47},
  url = {http://citeseer.ist.psu.edu/old/455262.html}
}

@ELECTRONIC{NHS2010,
  author = {NHS National Institute for Health Research - University of Birmingham},
  month = {June},
  year = {2010},
  title = {{B}ody {V}olume {I}ndex 3{D} {S}canner for obesity},
  language = {English},
  howpublished = {Onlne Press Release},
  organization = {National Horizon Scanning Centre},
  url = {https://www.google.co.uk/url?sa=t&rct=j&q=&esrc=s&source=web&cd=9&cad=rja&ved=0CIYBEBYwCA&url=http%3A%2F%2Fwww.hsc.nihr.ac.uk%2Ffiles%2Fdownloads%2F1587%2F2041.cb2fe4db.SelectResearchBodyVolumeIndex3DScannerforObesity.pdf&ei=I0whUa70PLD34QTAoYHgAg&usg=AFQjCNGyUTvxI4RgGCK2bHVO4V0QqWQjxQ&sig2=WSz-JageNOR5aEIeG7TvDg&bvm=bv.42553238,d.bGE},
  owner = {Bernard},
  timestamp = {2013.02.17}
}

@ARTICLE{Oliver2000,
  author = {Nuria, M. O and Rosario, B and Pentland, A. P},
  title = {{A} {B}ayesian computer vision system for modeling human interactions},
  journal = {IEEE Transactions on Pattern Analysis and Machine Intelligence},
  year = {2000},
  volume = {22},
  pages = {831--843},
  number = {8}
}

@INPROCEEDINGS{Piccardi2004,
  author = {Piccardi, M},
  title = {{Background subtraction techniques: a review}},
  booktitle = {IEEE International Conference on Systems, Man and Cybernetics},
  year = {2004},
  volume = {4},
  pages = {3099--3104},
  publisher = {IEEE},
  day = {13},
  doi = {10.1109/icsmc.2004.1400815},
  institution = {Comput. Vision Group, Univ. of Technol., Sydney, NSW, Australia},
  isbn = {0-7803-8566-7},
  issn = {1062-922X},
  journal = {IEEE International Conference on Systems, Man and Cybernetics},
  keywords = {background\_subtraction},
  location = {The Hague, Netherlands},
  posted-at = {2009-10-29 13:12:02},
  url = {http://dx.doi.org/10.1109/icsmc.2004.1400815}
}

@BOOK{Pretzsch2009,
  title = {{F}orest {D}ynamics, {G}rowth and {Y}ield: {F}rom {M}easurement to
	{M}odel},
  publisher = {Springer},
  year = {2009},
  author = {Pretzsch, H},
  owner = {Greg Corbett},
  timestamp = {2013.02.05}
}

@BOOK{Rolland2012,
    title= {{B}ody {C}omposition in {S}port, {E}xercise and {H}ealth},
	publisher = {Routledge},
	year = {2012},
	author = {Rolland, C},
	owner = {Bernard Sexton},
	timestamp = {2013.03.17}
}

@ARTICLE{Romero-Corral2008,
  author = {Romero-Corral, A and Somers, V. K and Sierra-Johnson, J and Thomas, A. J and Collazo-Clavell, M. L and Korinek, J and Allison, T. G
	and Batsis, J. A and Sert-Kuniyoshi, F. H and Lopez-Jimenez, F},
  title = {{A}ccuracy of body mass index in diagnosing obesity in the adult
	general population},
  journal = {International Journal of Obesity},
  year = {2008},
  volume = {32},
  pages = {949-956},
  owner = {Bernard},
  timestamp = {2013.02.17}
}

@ARTICLE{Rosen1990,
  author = {Glenn, D. R and Jason, D. H},
  title = {{B}rain volume estimation from serial section measurements: a comparison
	of methodologies},
  journal = {Journal of Neuroscience Methods},
  year = {1990},
  volume = {35},
  pages = {115-124},
  owner = {Greg Corbett},
  timestamp = {2013.03.12}
}

@ARTICLE{Rypens2001,
  author = {Rypens, F and Metens, T and Rocourt, N and Sonigo, P and Brunelle, F and Quere, M. P and Guibaud, L and Maugey-Laulom, B and Durand, C and Avni, F. E and Eurin, D},
  title = {{F}etal {L}ung {V}olume: {E}stimation at {MR} {I}maging: {I}nitial
	{R}esults},
  journal = {Radiology},
  year = {2001},
  volume = {219},
  pages = {236-241},
  owner = {Greg Corbett},
  timestamp = {2013.03.12}
}

@INPROCEEDINGS{Seki2003,
  author = {Seki, M and Wada, T and Fujiwara, H and Sumi, K},
  title = {{B}ackground {S}ubtraction based on {C}ooccurrence of {I}mage {V}ariations},
  booktitle = {CVPR (2)},
  year = {2003},
  pages = {65-72},
  ee = {http://doi.ieeecomputersociety.org/10.1109/CVPR.2003.1211453}
}

@ELECTRONIC{Solid2013,
  author = {Terra Solid},
  year = {2013},
  title = {{S}oftware for {A}irborne and {M}obile {L}i{DAR} and {I}mage {P}rocessing},
  organization = {Terra Solid},
  address = {http://www.terrasolid.fi/},
  owner = {Greg Corbett},
  timestamp = {2013.03.11}
}

@INPROCEEDINGS{Stauffer1999,
  author = {Stauffer, C and Grimson, W. E. L},
  title = {{Adaptive background mixture models for real-time tracking}},
  booktitle = {Computer Vision and Pattern Recognition, 1999. IEEE Computer Society
	Conference on.},
  year = {1999},
  volume = {2},
  pages = {246--252 Vol. 2},
  address = {Los Alamitos, CA, USA},
  month = aug,
  publisher = {IEEE},
  day = {06},
  doi = {10.1109/cvpr.1999.784637},
  institution = {Artificial Intelligence Lab., MIT, Cambridge, MA},
  isbn = {0-7695-0149-4},
  issn = {1063-6919},
  journal = {Computer Vision and Pattern Recognition, IEEE Computer Society Conference
	on},
  keywords = {1999, backgroundsubtraction, video, vision},
  location = {Fort Collins, CO, USA},
  posted-at = {2006-08-11 17:17:29},
  priority = {5},
  url = {http://dx.doi.org/10.1109/cvpr.1999.784637}
}

@MISC{UnitedKingdomofGreatBritain2011,
  author = {Her Britannic Majesty's Government of the United Kingdom of Great
	Britain and Northern Ireland},
  title = {Census},
  year = {2011},
  owner = {Greg Corbett},
  timestamp = {2013.02.06}
}

@BOOK{Various2000,
  title = {{M}edical {I}mage {P}rocessing - 1984-1999},
  publisher = {SPIE Conferences},
  year = {2000},
  editor = {Kenneth M. Hanson},
  author = {Various},
  owner = {Bernard},
  timestamp = {2013.02.16}
}

@MASTERSTHESIS{Weyers2000,
  author = {Weyers, A},
  title = {{C}omparison of body composition using the {B}od {P}od and dual-energy
	x-ray absorptiometry before and after weight loss},
  school = {Ball State University},
  year = {2000},
  owner = {Bernard},
  timestamp = {2013.02.16}
}

@ARTICLE{Wren1997,
  author = {Wren, C and Azarbayejani, A and Darrell, T and Pentland, A},
  title = {{P}finder: {R}eal-{T}ime {T}racking of the {H}uman {B}ody},
  journal = {IEEE Transactions on Pattern Analysis and Machine Intelligence},
  year = {1997},
  volume = {19},
  pages = {780--785}
}

@ARTICLE{YujiMatsuzawa1994,
  author = {Matsuzawa, Y and Shimomura, I and Nakamura, T and Keno, Y and Tokunaga, K},
  title = {{P}athophysiology and pathogenesis of visceral fat obesity},
  journal = {Diabetes Research and Clinical Practice},
  year = {1994},
  volume = {24},
  pages = {111-116},
  owner = {Bernard},
  timestamp = {2013.02.19}
}

@MISC{mathdotnet,
  title = {Math.Net Numerics},
  howpublished = {Online},
  owner = {Robin},
  timestamp = {2013.03.13},
  url = {http://numerics.mathdotnet.com/}
}

@MISC{githole,
  title = {GitHub Source Control},
  howpublished = {Online},
  owner = {Gregory},
  timestamp = {2013.03.13},
  url = {https://github.com/}

}

@ELECTRONIC{BVIAcceptance,
  title = {What is Body Volume Index?},
  howpublished = {Online},
  author = {Robb, D}
  owner = {Bernard Sexton},
  timestamp = {2013.03.17}
  url = {http://www.healthhabits.ca/2010/10/20/body-volume-index},
}

@book{Todorovic2003,
    title={The 'MUST' Explanatory Booklet. A Guide to the 'Malnutrition Universal Screening Tool'},
    author={Todorovic, V},
    publisher={British Association for Parenteral and Enteral Nutrition},
    year={2003}
}

@ARTICLE{Anlong2010,
    author = {Ming, A and Ma, H},
    title = {A Hessian-Laplace Based Blob Detector for Stamp Image Classification},
    journal = {Chinese Journal of Electronics},
    year = {2010},
    volume = {19},
    number = {4},
    pages = {671-675}
}

@INPROCEEDINGS{stamos2000,
  author = {Stamos, I and Colum, K. A},
  title = {3-D Model Construction Using Range and Image Data},
  booktitle = {Proceedings: IEEE Conference on Computer Vision and Pattern Recognition},
  year = {2000},
  owner = {Robin},
  timestamp = {2013.04.09}
}

@ARTICLE{brown92,
    author = {Brown, L. G},
    title = {A Survey of Image Registration Techniques},
    journal = {ACM Computing Surveys},
    year = {1992},
    volume = {24},
    pages = {325--376}
    owner = {Robin}
}

@MISC{maintz98,
    author = {Antoine-Maintz, J. B and Viergever, M. A},
    title = {A Survey of Medical Image Registration},
    year = {1998}
    owner = {Robin}
}

@article{louis98,
    author = {Louis E. D and Ford, B and Pullman, S and Baron, K},
    title = {How normal is ‚Äònormal&#39;?: Mild tremor in a multiethnic cohort of normal subjects},
    journal = {Archives of Neurology},
    volume = {55},
    number = {2},
    pages = {222-227},
    year = {1998},
    doi = {10.1001/archneur.55.2.222},
    URL = { + http://dx.doi.org/10.1001/archneur.55.2.222},
    eprint = {/data/Journals/NEUR/PAP/noc7181.pdf}
    owner = {Robin}
}

@ARTICLE{bernardini2002,
  author = {Bernardini, F and Rushmeier, H},
  title = {The 3D Model Acquisition Pipeline},
  journal = {COMPUTER GRAPHICS Forum},
  year = {2002},
  volume = {21},
  pages = {149-172},
  owner = {Robin},
  timestamp = {2013.04.15}
}

@INPROCEEDINGS{ide2012, 
    author={Ide, K and Sikora, T}, 
    booktitle={Computer Vision in Remote Sensing (CVRS), 2012 International Conference on}, title={Real-time active multiview 3D reconstruction}, 
    year={2012}, 
    pages={203-208},  
    doi={10.1109/CVRS.2012.6421261}
    owner = {Robin}
}

@inproceedings{turk94,
    author = {Turk, G and Levoy, M},
    title = {Zippered polygon meshes from range images},
    booktitle = {Proceedings of the 21st annual conference on Computer graphics and interactive techniques},
    series = {SIGGRAPH '94},
    year = {1994},
    isbn = {0-89791-667-0},
    pages = {311--318},
    numpages = {8},
    url = {http://doi.acm.org/10.1145/192161.192241},
    doi = {10.1145/192161.192241},
    acmid = {192241},
    publisher = {ACM},
    address = {New York, NY, USA},
    owner = {Robin}
} 

@article{zhang94,
    author = {Zhang and Zhengyou},
    title = {Iterative point matching for registration of free-form curves and surfaces},
    journal = {Int. J. Comput. Vision},
    issue_date = {Oct. 1994},
    volume = {13},
    number = {2},
    month = oct,
    year = {1994},
    issn = {0920-5691},
    pages = {119--152},
    numpages = {34},
    url = {http://dx.doi.org/10.1007/BF01427149},
    doi = {10.1007/BF01427149},
    acmid = {195970},
    publisher = {Kluwer Academic Publishers},
    address = {Hingham, MA, USA}
    owner = {Robin}
} 

@article{besl92,
    author = {Besl, P. J and McKay, N. D},
    title = {A Method for Registration of 3-D Shapes},
    journal = {IEEE Trans. Pattern Anal. Mach. Intell.},
    issue_date = {February 1992},
    volume = {14},
    number = {2},
    month = feb,
    year = {1992},
    issn = {0162-8828},
    pages = {239--256},
    numpages = {18},
    url = {http://dx.doi.org/10.1109/34.121791},
    doi = {10.1109/34.121791},
    acmid = {132022},
    publisher = {IEEE Computer Society},
    address = {Washington, DC, USA},
    owner = {Robin}
} 

@article{chen92,
    title = "Object modelling by registration of multiple range images ",
    journal = "Image and Vision Computing ",
    volume = "10",
    number = "3",
    pages = "145 - 155",
    year = "1992",
    note = "Range Image Understanding",
    issn = "0262-8856",
    doi = "10.1016/0262-8856(92)90066-C",
    url = "http://www.sciencedirect.com/science/article/pii/026288569290066C",
    author = "Chen, Y and Medioni, G",
    owner = {Robin}
}

@INPROCEEDINGS{stuart65,
  author = {Stuart, D},
  title = {A Platform with Six Degrees of Freedom},
  booktitle = {Proceedings of the Institution of Mechanical Engineers},
  year = {1965},
  owner = {Robin},
  timestamp = {2013.04.16}
}

%to be included in registration section at some point (when I can be bothered) 
@INPROCEEDINGS{lv2008, 
    author={Lv, J and Wen, G and Wang, J}, 
    booktitle={Image and Signal Processing, 2008. CISP '08. Congress on}, title={A New Feature Matching Algorithm for Image Registration Based on Feature Similarity}, 
    year={2008}, 
    volume={4}, 
    pages={421-425}, 
    owner = {Robin}
doi={10.1109/CISP.2008.309},
}

@ARTICLE{mount99,
    author = {Mount, D. M and Netanyahu, N. S and Le Moigne, J},
    title = {Efficient algorithms for robust feature matching},
    journal = {Pattern Recognition},
    year = {1999},
    pages = {17--38}
    owner = {Robin}
}

@ELECTRONIC{openNi13,
  author = {OpenNI Initative},
  year = {2013},
  title = {{O}pen{NI} {I}nitative},
  howpublished = {Online},
  organization = {OpenNI Initative},
  address = {www.openni.org},
  owner = {Greg Corbett},
  timestamp = {2013.04.24}
}


@MISC{pennec98,
    author = {Pennec, X. and et al.},
    title = {Feature-Based Registration of Medical Images: Estimation and Validation of the Pose Accuracy},
    year = {1998}
    owner = {Robin}
}

@MISC{sharedurex,
  title = {ShareLaTeX},
  howpublished = {Online},
  year = {2013},
  owner = {Robin},
  timestamp = {2013.04.18},
  url = {http://sharelatex.com}
}

@ONLINE{ASIMO,
    author = {Honda Motor Co., Ltd},
    title = {Honda Unveils All-new ASIMO with Significant Advancements},
    url = {http://world.honda.com/news/2011/c111108All-new-ASIMO/},
    urldate = {2013-04-20}
}

@MISC{Nayar96real-time100,
    author = {Shree K. Nayar and Sameer A. Nene and Hiroshi Murase},
    title = {Real-Time 100 Object Recognition System},
    year = {1996}
}

@INPROCEEDINGS{Wagner10real-timedetection,
    author = {Wagner, D and Reitmayr, G and Mulloni, A and Drummond, T and  Schmalstieg, D},
    title = { Real-Time Detection and Tracking for Augmented Reality on Mobile Phones},
    booktitle = { IEEE TRANSACTIONS ON VISUALIZATION AND COMPUTER GRAPHICS},
    year = {2010},
    pages = {355--368},
    publisher = {}
}

@ARTICLE{blob_detection_MingMa,
    author = {Anlong, M and Huadong, M. A},
    title = {A Hessian-Laplace Based Blob Detector for Stamp Image Classification},
    journal = {Chinese Journal of Electronics},
    year = {2010},
    volume = {19},
    pages = {671-675},
    owner = {Nathan}
}

@MASTERSTHESIS{blob_detection_enrichment,
    author = {Hidayatullah, P},
    institution = {University of Jean Monnet Saint‚ÄêEtienne, France},
    title = {Object Tracking: State of The Art and CAMSHIFT Improvement Using Multi‚Äêdominant Colors Tracking},
    year = {2010},
    owner = {Nathan}
}

@ARTICLE{colormodels,
    author = {Schwarz, M W. and Cowan, W. B and Beatty, J. C},
    title = {An Experimental Comparison of RGB, YIQ, LAB, HSV and Opponent Color Models},
    journal = {ACM Transactions on Graphics},
    year = {1987},
    volume = {6},
    number = {2},
    pages = {123-158},
    owner = {Nathan}
}

@MISC{artisticvisualisations,
    author = {Fernanda, B. V and Wattenberg, M},
    title = {Artistic Data Visualization: Beyond Visual Analytics},
    institution = {Visual Communication Lab, IBM Research},
    year = {2007},
    owner = {Nathan}
}

@ARTICLE{eigenfaces,
    author = {Turk, M and Pentland, A},
    title = {Eigenfaces for Recognition},
    journal = {Journal of Cognitive Neuroscience},
    year = {1991},
    volume = {3},
    number = {1},
    pages = {71-86},
    owner = {Nathan}
}

@TECHREPORT{Freeman213orientationhistograms,
    author = {Freeman, W. T and Roth, M},
    title = {Orientation histograms for hand gesture recognition},
    institution = {Mitsubishi Electric Research Labs., 201},
    year = {1994},
    owner = {Nathan}
}

@MISC{mcconnell,
    type = {patent},
    number = {US 4567610},
    month = {JAN},
    year = {1986},
    author = {McConnell, R}
    title = {Method of and apparatus for pattern recognition}
}

@ARTICLE{edgedetectors,
    author = {Bowyer, K and Kranenburg, C and Dougherty, S},
    title = {Edge Detector Evaluation Using Empirical ROC Curves},
    journal = {Computer Vision and Image Understanding},
    year = {2001},
    volume = {84},
    pages = {77--103},
    owner = {Nathan}
}

@article{lowe2004distinctive,
  title={Distinctive image features from scale-invariant keypoints},
  author={Lowe, D. G},
  journal={International journal of computer vision},
  volume={60},
  number={2},
  pages={91--110},
  year={2004},
  publisher={Springer}
}

@incollection{whatandwhere3drecog,
  title={What and where: 3D object recognition with accurate pose},
  author={Gordon, I and Lowe, D. G},
  booktitle={Toward category-level object recognition},
  pages={67--82},
  year={2006},
  publisher={Springer}
}

@ARTICLE{realtimeonphones,
    author = {Wagner, D and Reitmayr, G and Mulloni, A and Drummond, T and Schmalstieg, D},
    title = {Real-Time Detection and Tracking for Augmented Reality on Mobile Phones},
    journal = {IEEE Transactions on Visualization and Computer Graphics},
    year = {2010},
    volume = {16},
    number = {3},
    pages = {355--368},
    owner = {Nathan},
    publisher = {IEEE}
}
    
@incollection{surfMain,
  title={Surf: Speeded up robust features},
  author={Bay, H and Tuytelaars, T and Van Gool, L},
  booktitle={Computer Vision--ECCV 2006},
  pages={404--417},
  year={2006},
  publisher={Springer}
}
    
@ARTICLE{SIFTvsSURF,
    author = {Juan, L and Gwun, O},
    title = {A Comparison of SIFT, PCA-SIFT and SURF},
    journal = {International Journal of Image Processing (IJIP)},
    year = {2009},
    volume = {3},
    number = {4},
    pages = {143--152},
    owner = {Nathan}
}

@Article{fastCorner,
    author = {Trajkovic, M and Hedley, M},
    title = {Fast corner detection},
    journal = {Image and Vision Computing},
    year = {1998},
    volume = {16},
    pages = {75-87},
    owner = {Nathan}
}

@ARTICLE{3Dregistrationrecognition,
    author = {Chua, Chin S and Jarvis, R},
    title = {3D Free-Form Surface Registration and Object Recognition},
    journal = {International Journal of Computer Vision},
    year = {1996},
    volume = {17},
    pages = {77--99},
    owner = {Nathan}
}
    
@inproceedings{3dhistograms,
  title={3D object recognition from range images using local feature histograms},
  author={Hetzel, G and Leibe, B and Levi, P and Schiele, B},
  booktitle={Computer Vision and Pattern Recognition, 2001. CVPR 2001. Proceedings of the 2001 IEEE Computer Society Conference on},
  volume={2},
  pages={II--394},
  year={2001},
  organization={IEEE}
}   

@online{bkmed-transducer8830,
    title = {BK Medical Abdominal Ultrasound Transducer - 8830},
    author = {BK Medical},
    urldate = {2013/04/20},
    url = {http://www.bkmed.com/8830_multipurpose_abdominal_en.htm}
}

@inproceedings{bentley90,
    author = {Bentley, J. L},
    title = {K-d trees for semidynamic point sets},
    booktitle = {Proceedings of the sixth annual symposium on Computational geometry},
    series = {SCG '90},
    year = {1990},
    isbn = {0-89791-362-0},
    location = {Berkley, California, USA},
    pages = {187--197},
    numpages = {11},
    url = {http://doi.acm.org/10.1145/98524.98564},
    doi = {10.1145/98524.98564},
    publisher = {ACM},
    address = {New York, NY, USA},
    owner = {Robin}
} 

% useful! :D    
@ARTICLE{empty_journal_article,
    author = {},
    title = {},
    journal = {},
    year = {},
    volume = {},
    number = {},
    pages = {},
    owner = {Nathan}
}
 
@ARTICLE{location_with_calipers,
    author = {Weiss, L. W and Clark, F. C},
    title = {Ultrasonic Protocols for Separately Measuring Subcutaneous Fat and Skeletal Muscle Thickness in the Calf Area},
    journal = {Journal of the American Physical Therapy Association},
    year = {1985},
    number = {65},
    pages = {477-481},
    owner = {Nathan}
} 
 
@article{maguire97
    year={1997},
    issn={0148-5598},
    journal={Journal of Medical Systems},
    volume={21},
    number={3},
    doi={10.1023/A:1022860206127},
    title={Graphical 3D Medical Image Registration and Quantification},
    publisher={Kluwer Academic Publishers-Plenum Publishers},
    author={Farrell, E. J and Gorniak, R. J. T and Kramer, E. L and Noz, M. E and Maguire Jr., G. Q and Reddy, D. P},
    pages={155-172},
}

@INPROCEEDINGS{rusinkiewicz01,
    author = {Rusinkiewicz, S and Levoy, M},
    title = {Efficient Variants of the ICP Algorithm},
    booktitle = {INTERNATIONAL CONFERENCE ON 3-D DIGITAL IMAGING AND MODELING},
    year = {2001},
    publisher = {}
}

@article{sheng2000,
    author = {Yang, X and Sheng, Y and Guan, W and Valin, P and Sevigny, L},
    title = {Adaptive hill climbing and iterative closest point algorithm for multisensor image registration with partial Hausdorff distance},
    volume = {},
    number = {},
    pages = {99-109},
    year = {2000},
    doi = {10.1117/12.381623},
    URL = { + http://dx.doi.org/10.1117/12.381623},
    eprint = {}
}

@article{Canny_86,
  title={A computational approach to edge detection},
  author={Canny, J},
  journal={Pattern Analysis and Machine Intelligence, IEEE Transactions on},
  number={6},
  pages={679--698},
  year={1986},
  publisher={IEEE}
}
    
@INPROCEEDINGS{Harris_Corner,
    author = {Harris, C and Stephens, M},
    title = {A combined corner and edge detector},
    booktitle = {In Proc. of Fourth Alvey Vision Conference},
    year = {1988},
    pages = {147--151}
}

@article{RANSAC,
 author = {Fischler, M. A and Bolles, R. C},
 title = {Random sample consensus: a paradigm for model fitting with applications to image analysis and automated cartography},
 journal = {Commun. ACM},
 issue_date = {June 1981},
 volume = {24},
 number = {6},
 month = jun,
 year = {1981},
 issn = {0001-0782},
 pages = {381--395},
 numpages = {15},
 url = {http://0-doi.acm.org.pugwash.lib.warwick.ac.uk/10.1145/358669.358692},
 doi = {10.1145/358669.358692},
 acmid = {358692},
 publisher = {ACM},
 address = {New York, NY, USA},
 keywords = {automated cartography, camera calibration, image matching, location determination, model fitting, scene analysis},
} 

@article{stiles67,
  title={Mechanical factors in human tremor frequency},
  author={Stiles, R. N. and Randall, J. E.},
  journal={Journal of applied physiology},
  volume={23},
  number={3},
  pages={324--330},
  year={1967},
  publisher={Am Physiological Soc}
}

%to quote robin
%References in bibtex work as follow:
%Freeman, W. T
%not
%William T. Freeman
% xxx